<record><leader>00000cas a2200000 a 4500</leader><controlfield tag="001">13590599</controlfield><controlfield tag="008">860520d187818uukyucr ne      0    0eng d</controlfield><datafield ind1=" " ind2=" " tag="010"><subfield code="a">sn 86069129 </subfield></datafield><datafield ind1=" " ind2=" " tag="040"><subfield code="a">KNP</subfield><subfield code="b">eng</subfield><subfield code="c">KNP</subfield><subfield code="d">OCL</subfield><subfield code="d">OCLCQ</subfield><subfield code="d">KYUBL</subfield><subfield code="d">OCLCQ</subfield><subfield code="d">OCLCF</subfield><subfield code="d">OCLCO</subfield></datafield><datafield ind1="1" ind2=" " tag="029"><subfield code="a">AU@</subfield><subfield code="b">000022171243</subfield></datafield><datafield ind1=" " ind2=" " tag="042"><subfield code="a">msc</subfield></datafield><datafield ind1=" " ind2=" " tag="043"><subfield code="a">n-us-ky</subfield></datafield><datafield ind1="0" ind2=" " tag="130"><subfield code="a">Semi-weekly sun (Winchester, Ky.)</subfield></datafield><datafield ind1="1" ind2="4" tag="245"><subfield code="a">The semi-weekly sun.</subfield></datafield><datafield ind1="3" ind2="0" tag="246"><subfield code="a">Sun</subfield></datafield><datafield ind1=" " ind2=" " tag="260"><subfield code="a">Winchester, Ky. :</subfield><subfield code="b">James J. Adams,</subfield><subfield code="c">1878-</subfield></datafield><datafield ind1=" " ind2=" " tag="300"><subfield code="a">v.</subfield></datafield><datafield ind1=" " ind2=" " tag="310"><subfield code="a">Semiweekly</subfield></datafield><datafield ind1="0" ind2=" " tag="362"><subfield code="a">Vol. 1, no. 1 (Nov. 1, 1878)-</subfield></datafield><datafield ind1=" " ind2="0" tag="651"><subfield code="a">Winchester (Ky.)</subfield><subfield code="v">Newspapers.</subfield></datafield><datafield ind1=" " ind2="0" tag="651"><subfield code="a">Clark County (Ky.)</subfield><subfield code="v">Newspapers.</subfield></datafield><datafield ind1=" " ind2="7" tag="655"><subfield code="a">Newspapers.</subfield><subfield code="2">fast</subfield><subfield code="0">(OCoLC)fst01423814</subfield></datafield><datafield ind1=" " ind2="7" tag="651"><subfield code="a">Kentucky</subfield><subfield code="z">Clark County.</subfield><subfield code="2">fast</subfield><subfield code="0">(OCoLC)fst01218080</subfield></datafield><datafield ind1=" " ind2="7" tag="651"><subfield code="a">Kentucky</subfield><subfield code="z">Winchester.</subfield><subfield code="2">fast</subfield><subfield code="0">(OCoLC)fst01229634</subfield></datafield><datafield ind1=" " ind2=" " tag="752"><subfield code="a">United States</subfield><subfield code="b">Kentucky</subfield><subfield code="c">Clark</subfield><subfield code="d">Winchester.</subfield></datafield><datafield ind1="0" ind2="0" tag="785"><subfield code="t">Winchester sun (Winchester, Ky. : 1881 : Weekly)</subfield><subfield code="w">(DLC)sn 86069130</subfield></datafield></record>